
@inproceedings{boehme2016caliper,
    title={Caliper: performance introspection for HPC software stacks},
    author={Boehme, David and Gamblin, Todd and Beckingsale, David and Bremer, Peer-Timo and Gimenez, Alfredo and LeGendre,
        Matthew and Pearce, Olga and Schulz, Martin},
    booktitle={High Performance Computing, Networking, Storage and Analysis, SC16: International Conference for},
    pages={550--560},
    year={2016},
    organization={IEEE}
}

@article{biddiscombe2012parallel,
    title={Parallel computational steering for HPC applications using HDF5 files in distributed shared memory},
    author={Biddiscombe, John and Soumagne, Jerome and Oger, Guillaume and Guibert, David and Piccinali, Jean-Guillaume},
    journal={IEEE Transactions on Visualization and Computer Graphics},
    volume={18},
    number={6},
    pages={852--864},
    year={2012},
    publisher={IEEE}
}

@inproceedings{isaacs2012exploring,
    title={Exploring performance data with boxfish},
    author={Isaacs, Katherine E and Landge, Aaditya G and Gamblin, Todd and Bremer, Peer-Timo and Pascucci, Valerio and
        Hamann, Bernd},
    booktitle={High Performance Computing, Networking, Storage and Analysis (SCC), 2012 SC Companion:},
    pages={1380--1381},
    year={2012},
    organization={IEEE}
}

@inproceedings{bremer2014connecting,
    title={Connecting Performance Analysis and Visualization to Advance Extreme Scale Computing (Dagstuhl Perspectives Workshop
            14022)},
    author={Bremer, Peer-Timo and Mohr, Bernd and Pascucci, Valerio and Schulz, Martin},
    booktitle={Dagstuhl Reports},
    volume={4},
    number={1},
    year={2014},
    organization={Schloss Dagstuhl-Leibniz-Zentrum fuer Informatik}
}

@techreport{bhatele2012simplifying,
    title={Simplifying Performance Analysis of Large-scale Adaptive Scientific Applications},
    author={Bhatele, A and Gamblin, T and Gunney, BN and Schulz, M and Bremer, PT},
    year={2012},
    institution={Lawrence Livermore National Laboratory (LLNL), Livermore, CA}
}

@inproceedings{arnold2007stack,
    title={Stack trace analysis for large scale debugging},
    author={Arnold, Dorian C and Ahn, Dong H and De Supinski, Bronis R and Lee, Gregory L and Miller, Barton P and Schulz,
        Martin},
    booktitle={Parallel and Distributed Processing Symposium, 2007. IPDPS 2007. IEEE International},
    pages={1--10},
    year={2007},
    organization={IEEE}
}

@article{brim2010mrnet,
    title={MRNet: A scalable infrastructure for the development of parallel tools and applications},
    author={Brim, Michael J and DeRose, Luiz and Miller, Barton P and Olichandran, Ramya and Roth, Philip C},
    journal={Cray User Group},
    year={2010}
}

@inproceedings{laguna2011large,
    title={Large scale debugging of parallel tasks with automaded},
    author={Laguna, Ignacio and Gamblin, Todd and de Supinski, Bronis R and Bagchi, Saurabh and Bronevetsky, Greg and Anh,
        Dong H and Schulz, Martin and Rountree, Barry},
    booktitle={Proceedings of 2011 International Conference for High Performance Computing, Networking, Storage and
        Analysis},
    pages={50},
    year={2011},
    organization={ACM}
}


@article{bohme2015caliper,
    title={Caliper: Composite Performance Data Collection in HPC Codes},
    author={B{\"o}hme, David and Gamblin, Todd and Bremer, Peer-Timo and Pearce, Olga and Schulz, Martin}
}

@inproceedings{mitra2014accurate,
    title={Accurate application progress analysis for large-scale parallel debugging},
    author={Mitra, Subrata and Laguna, Ignacio and Ahn, Dong H and Bagchi, Saurabh and Schulz, Martin and Gamblin, Todd},
    booktitle={ACM SIGPLAN Notices},
    volume={49},
    number={6},
    pages={193--203},
    year={2014},
    organization={ACM}
}

@inproceedings{oleynik2015run,
    title={Run-time exploitation of application dynamism for energy-efficient exascale computing (READEX)},
    author={Oleynik, Yury and Gerndt, Michael and Schuchart, Joseph and Kjeldsberg, Per Gunnar and Nagel, Wolfgang E},
    booktitle={Computational Science and Engineering (CSE), 2015 IEEE 18th International Conference on},
    pages={347--350},
    year={2015},
    organization={IEEE}
}

@article{bohme2017aggregation,
    title={Flexible Data Aggregation for Performance Profiling},
    author={B{\"o}hme, David and Beckingsdale, David and Schulz, Martin},
    journal={IEEE Cluster},
    year={2017}
}


@article{gimenez2017memaxes,
    title={MemAxes: Visualization and Analytics for Characterizing Ceoomplex Memory Performance Behaviors},
    author={Gimenez, Adolfo Alfredo and Gamblin, Todd and Jusufi, Ilir and Bhatele, Abhinav and Schulz, Martin and Bremer,
        Peer-Timo and Hamann, Bernd},
    journal={IEEE Transactions on Visualization and Computer Graphics},
    year={2017},
    publisher={IEEE}
}



@incollection{schulz2015flexible,
    title={A Flexible Data Model to Support Multi-domain Performance Analysis},
    author={Schulz, Martin and Bhatele, Abhinav and B{\"o}hme, David and Bremer, Peer-Timo and Gamblin, Todd and Gimenez,
        Alfredo and Isaacs, Kate},
    booktitle={Tools for High Performance Computing 2014},
    pages={211--229},
    year={2015},
    publisher={Springer}
}




@inproceedings{wood2016scalable,
    title={A scalable observation system for introspection and in situ analytics},
    author={Wood, Chad and Sane, Sudhanshu and Ellsworth, Daniel and Gimenez, Alfredo and Huck, Kevin and Gamblin, Todd and
        Malony, Allen},
    booktitle={Proceedings of the 5th Workshop on Extreme-Scale Programming Tools},
    pages={42--49},
    year={2016},
    organization={IEEE Press}
}

@article{rivi2012situ,
    title={In-situ visualization: State-of-the-art and some use cases},
    author={Rivi, Marzia and Calori, Luigi and Muscianisi, Giuseppa and Slavnic, Vladimir},
    journal={PRACE White Paper},
    pages={1--18},
    year={2012}
}



@inproceedings{schulz2011interpreting,
    title={Interpreting performance data across intuitive domains},
    author={Schulz, Martin and Levine, Joshua A and Bremer, Peer-Timo and Gamblin, Todd and Pascucci, Valerio},
    booktitle={Parallel Processing (ICPP), 2011 International Conference on},
    pages={206--215},
    year={2011},
    organization={IEEE}
}


@article{agelastos2016continuous,
    title={Continuous whole-system monitoring toward rapid understanding of production HPC applications and systems},
    author={Agelastos, Anthony and Allan, Benjamin and Brandt, Jim and Gentile, Ann and Lefantzi, Sophia and Monk, Steve and
        Ogden, Jeff and Rajan, Mahesh and Stevenson, Joel},
    journal={Parallel Computing},
    volume={58},
    pages={90--106},
    year={2016},
    publisher={Elsevier}
}


@inproceedings{mandal2016toward,
    title={Toward an end-to-end framework for modeling, monitoring and anomaly detection for scientific workflows},
    author={Mandal, Anirban and Ruth, Paul and Baldin, Ilya and Kr{\'o}l, Dariusz and Juve, Gideon and Mayani, Rajiv and Da
        Silva, Rafael Ferreira and Deelman, Ewa and Meredith, Jeremy and Vetter, Jeffrey and others},
    booktitle={Parallel and Distributed Processing Symposium Workshops, 2016 IEEE International},
    pages={1370--1379},
    year={2016},
    organization={IEEE}
}


@inproceedings{huck2005perfexplorer,
    title={PerfExplorer: A performance data mining framework for large-scale parallel computing},
    author={Huck, Kevin A and Malony, Allen D},
    booktitle={Proceedings of the 2005 ACM/IEEE conference on Supercomputing},
    pages={41},
    year={2005},
    organization={IEEE Computer Society}
}


@inproceedings{kufrin2005perfsuite,
    title={Perfsuite: An accessible, open source performance analysis environment for linux},
    author={Kufrin, Rick},
    booktitle={6th International Conference on Linux Clusters: The HPC Revolution},
    volume={151},
    pages={05},
    year={2005}
}



@article{diethelm2016tools,
    title={Tools for assessing and optimizing the energy requirements of high performance scientific computing software},
    author={Diethelm, Kai},
    journal={PAMM},
    volume={16},
    number={1},
    pages={837--838},
    year={2016},
    publisher={Wiley Online Library}
}



@incollection{knupfer2012score,
    title={Score-P: A joint performance measurement run-time infrastructure for Periscope, Scalasca, TAU, and Vampir},
    author={Kn{\"u}pfer, Andreas and R{\"o}ssel, Christian and an Mey, Dieter and Biersdorff, Scott and Diethelm, Kai and
        Eschweiler, Dominic and Geimer, Markus and Gerndt, Michael and Lorenz, Daniel and Malony, Allen and others},
    booktitle={Tools for High Performance Computing 2011},
    pages={79--91},
    year={2012},
    publisher={Springer}
}



@article{isaacs2014state,
    title={State of the art of performance visualization},
    author={Isaacs, Katherine E and Gim{\'e}nez, Alfredo and Jusufi, Ilir and Gamblin, Todd and Bhatele, Abhinav and Schulz,
        Martin and Hamann, Bernd and Bremer, Peer-Timo},
    journal={EuroVis 2014},
    year={2014}
}



@inproceedings{evans2016understanding,
    title={Understanding Application and System Performance Through System-Wide Monitoring},
    author={Evans, R Todd and Browne, James C and Barth, William L},
    booktitle={Parallel and Distributed Processing Symposium Workshops, 2016 IEEE International},
    pages={1702--1710},
    year={2016},
    organization={IEEE}
}


@article{wolf2008usage,
    title={Usage of the SCALASCA toolset for scalable performance analysis of large-scale parallel applications},
    author={Wolf, Felix and Wylie, Brian JN and Abrah{\'a}m, Erika and Becker, Daniel and Frings, Wolfgang and F{\"u}rlinger,
        Karl and Geimer, Markus and Hermanns, Marc-Andr{\'e} and Mohr, Bernd and Moore, Shirley and others},
    journal={Tools for High Performance Computing},
    pages={157--167},
    year={2008},
    publisher={Springer}
}
